@book{sipser,
  title={{Introduction to the Theory of Computation}},
  author={Sipser, Michael and others},
  volume={2},
  year={2006},
  publisher={Thomson Course Technology Boston}
}

@article{skiplist,
  title={Skip lists: a probabilistic alternative to balanced trees},
  author={Pugh, William},
  journal={Communications of the ACM},
  volume={33},
  number={6},
  pages={668--676},
  year={1990},
  publisher={ACM}
}

@incollection{interactive-tm,
  title={The Turing machine paradigm in contemporary computing},
  author={Van Leeuwen, Jan and Wiedermann, Ji{\v{r}}{\'\i}},
  booktitle={Mathematics unlimitedâ€”2001 and beyond},
  pages={1139--1155},
  year={2001},
  publisher={Springer}
}

@article{gossip,
  title={A survey of gossiping and broadcasting in communication networks},
  author={Hedetniemi, Sandra M and Hedetniemi, Stephen T and Liestman, Arthur L},
  journal={Networks},
  volume={18},
  number={4},
  pages={319--349},
  year={1988},
  publisher={Wiley Online Library}
}

}
@inproceedings{lamport,
  title={{The Byzantine Generals Problem}},
  author={Lamport, Leslie and Shostak, Robert and Pease, Marshall},
  journal={ACM Transactions on Programming Languages and Systems},
  pages={382--401},
  organization={ACM},
  year={1982}
}

@article{turing,
  title={{On computable numbers, with an application to the Entscheidungsproblem}},
  author={Turing, Alan Mathison},
  journal={Proceedings of the London mathematical society},
  volume={2},
  number={1},
  pages={230--265},
  year={1937},
  publisher={Wiley Online Library}
}
