@misc{crosschain-sok,
  title={{SoK: Communication across distributed ledgers}},
  author={Zamyatin, Alexei and Al-Bassam, Mustafa and Zindros, Dionysis and Kokoris-Kogias, Eleftherios and Moreno-Sanchez, Pedro and Kiayias, Aggelos and Knottenbelt, William J},
  year={2019},
  institution={Cryptology ePrint Archive, Report 2019/1128, 2019.}
}

@inproceedings{compactsuperblocks,
  title={Compact Storage of Superblocks for NIPoPoW Applications},
  booktitle={The 1st International Conference on Mathematical Research for Blockchain Economy},
  author={Karantias, Kostis and Kiayias, Aggelos and Zindros, Dionysis},
  organization={Springer Nature},
  year={2019}}

@MastersThesis{gtklocker,
  author={Kostis Karantias},
  title={{Enabling NIPoPoW Applications on Bitcoin Cash}},
  school={University of Ioannina},
  address={Ioannina, Greece},
  year={2019}}

@article{velvet-nipopows,
  title={{The Velvet Path to Superlight Blockchain Clients}},
  author={Kiayias, Aggelos and Polydouri, Andrianna and Zindros, Dionysis},
  year={2020}
}

@MastersThesis{zindros,
  title={{Trust in Decentralized Anonymous Marketplaces}},
  author={Zindros, Dionysis},
	school={National Technical University of Athens},
	address={Athens, Greece},
  year={2016}
}

@inproceedings{egalitarianism,
  title={Cryptocurrency egalitarianism: a quantitative approach},
  author={Karakostas, Dimitris and Kiayias, Aggelos and Nasikas, Christos and Zindros, Dionysis},
  journal={International Conference on Blockchain Economics, Security and Protocols},
  year={2019}
}

@inproceedings{trust-is-risk,
  title={{Trust is Risk: A Decentralized Financial Trust Platform}},
  author={Litos, Orfeas Stefanos Thyfronitis and Zindros, Dionysis},
  booktitle={International Conference on Financial Cryptography and Data Security},
  pages={340--356},
  year={2017},
  organization={Springer}
}

@article{darknet,
  title={{Structure and content of the visible Darknet}},
  author={Avarikioti, Georgia and Brunner, Roman and Kiayias, Aggelos and Wattenhofer, Roger and Zindros, Dionysis},
  journal={arXiv preprint arXiv:1811.01348},
  year={2018}
}

@inproceedings{brick,
  title={{Brick: Asynchronous incentive-compatible payment channels}},
  author={Avarikioti, Zeta and Kogias, EK and Wattenhofer, Roger and Zindros, Dionysis},
  booktitle={International Conference on Financial Cryptography and Data Security},
  publisher={Springer},
  year={2021}
}
