@inproceedings{nipopows,
	Author = {Kiayias, Aggelos and Miller, Andrew and Zindros, Dionysis},
	Title = {{Non-Interactive Proofs of Proof-of-Work}},
	booktitle={International Conference on Financial Cryptography and Data Security},
	organization={Springer},
	Year = {2020},
}

@inproceedings{derivatives,
  author={Karantias, Kostis and Kiayias, Aggelos and Zindros, Dionysis},
  booktitle={The 2nd International Conference on Mathematical Research for Blockchain Economy},
	Title = {Smart Contract Derivatives},
	Year = {2020},
  organization={Springer Nature}
}

@inproceedings{pos-sidechains,
  title={Proof-of-Stake Sidechains},
  author={Kiayias, Aggelos and Ga{\v z}i, Peter and Zindros, Dionysis},
  booktitle={IEEE Symposium on Security and Privacy},
  organization={IEEE},
  publisher={IEEE},
	year={2019}
}

@inproceedings{pow-sidechains,
  title={Proof-of-Work Sidechains},
  author={Kiayias, Aggelos and Zindros, Dionysis},
	booktitle={International Conference on Financial Cryptography and Data Security: Workshop on Trusted Smart Contracts},
	organization={Springer},
	publisher={Springer},
	year={2019}
}

@unpublished{varnipopows,
  author={Aggelos Kiayias and Nikos Leonardos and Dionysis Zindros},
  title={{Variable Difficulty Non-Interactive Proofs of Proof-of-Work}},
	note={Unpublished Manuscript},
  address={Athens, Greece},
  year={2020}}

@unpublished{logspace,
  author={Aggelos Kiayias and Nikos Leonardos and Dionysis Zindros},
  title={{Mining in Logarithmic Space}},
	note={Unpublished Manuscript},
  address={Athens, Greece},
  year={2020}}

@inproceedings{burn,
  title={Proof-of-Burn},
  author={Karantias, Kostis and Kiayias, Aggelos and Zindros, Dionysis},
  booktitle={International Conference on Financial Cryptography and Data Security},
  year={2019}
}
